<record><leader>00000cas a22000007a 4500</leader><controlfield tag="001">17005735</controlfield><controlfield tag="008">871119d19041904iauwr ne      0    0eng d</controlfield><datafield ind1=" " ind2=" " tag="010"><subfield code="a">sn 87057905 </subfield></datafield><datafield ind1=" " ind2=" " tag="040"><subfield code="a">INP</subfield><subfield code="b">eng</subfield><subfield code="c">INP</subfield><subfield code="d">OCLCQ</subfield></datafield><datafield ind1=" " ind2=" " tag="042"><subfield code="a">msc</subfield></datafield><datafield ind1="0" ind2="4" tag="245"><subfield code="a">The Record-era.</subfield></datafield><datafield ind1=" " ind2=" " tag="260"><subfield code="a">Ida Grove, Iowa :</subfield><subfield code="b">Brown Bros.,</subfield><subfield code="c">1904.</subfield></datafield><datafield ind1=" " ind2=" " tag="300"><subfield code="a">1 v.</subfield></datafield><datafield ind1=" " ind2=" " tag="310"><subfield code="a">Weekly</subfield></datafield><datafield ind1="0" ind2=" " tag="362"><subfield code="a">Vol. 27, no. 29 (Mar. 10, 1904)-v. 27, no. 47 (July 14, 1904).</subfield></datafield><datafield ind1=" " ind2=" " tag="752"><subfield code="a">United States</subfield><subfield code="b">Iowa</subfield><subfield code="c">Ida</subfield><subfield code="d">Ida Grove.</subfield></datafield><datafield ind1="0" ind2="4" tag="780"><subfield code="t">Democrat era</subfield><subfield code="w">(DLC)sn 87057904</subfield></datafield><datafield ind1="0" ind2="4" tag="780"><subfield code="t">Ida record</subfield></datafield><datafield ind1="0" ind2="0" tag="785"><subfield code="t">Ida Grove record-era</subfield><subfield code="w">(DLC)sn 87057906</subfield></datafield></record>